@inproceedings{mimno-mccallum-11,
author = {Mimno,D. and Wallach, H. and Talley, E. and Leenders, M. and McCallum, A.},
booktitle = {ACL},
title = {{Optimizing Semantic Coherence in Topic Models}},
year = {2011}
}

@inproceedings{bengio-et-al-10,
author = {Bengio, S. and Weston, J. and Grangier, D.},
booktitle = {NIPS},
title = {{Label embedding trees for large multi-class tasks}},
year = {2010}
}

@ONLINE{USPTO:2013:patent-catalog,
title = {USPTO Electronic Data Products},
month = nov,
year = {2013},
url = {http://www.uspto.gov/products/catalog/index.jsp}
}

@ONLINE{USPTO:2013:dtd,
title = {U.S. Patent Grant Data / XML v4.2},
month = nov,
year = {2013},
url = {http://www.uspto.gov/products/PatentGrantXMLv42-Documentation-508.pdf}
}